
@inproceedings{vilaresa2016lys,
  title={LYS at SemEval-2016 Task 4: Exploiting neural activation values for Twitter sentiment classification and quantification},
  author={Vilaresa, David and Dovala, Yerai and Alonsoa, Miguel A and G{\'o}mez-Rodr{\i}gueza, Carlos},
  booktitle={Proceedings of the 10th International Workshop on Semantic Evaluation (SemEval 2016), San Diego, US},
  year={2016}
}

@article{briones2016vcu,
  title={VCU-TSA at Semeval-2016 Task 4: Sentiment Analysis in Twitter},
  author={Briones, Gerard and Amarasinghe, Kasun and McInnes, Bridget T},
  journal={Proceedings of SemEval},
  pages={215--219},
  year={2016}
}

@inproceedings{nakov2016semeval,
  title={SemEval-2016 task 4: Sentiment analysis in Twitter},
  author={Nakov, Preslav and Ritter, Alan and Rosenthal, Sara and Sebastiani, Fabrizio and Stoyanov, Veselin},
  booktitle={Proceedings of the 10th international workshop on semantic evaluation (SemEval 2016), San Diego, US (forthcoming)},
  year={2016}
}